@misc{guerra2024,
  type = {{Clase}},
  title = {{Programaci{\'o}n L{\'o}gica y Funcional - Programaci{\'o}n L{\'o}gica}},
  author = {{Guerra-Hern{\'a}ndez}, Dr Alejandro},
  year = {2024},
  address = {Universidad Veracruzana},
  langid = {spanish}
}



@article{k89,
  title = {Unification: A Multidisciplinary Survey},
  shorttitle = {Unification},
  author = {Knight, Kevin},
  year = {1989},
  month = mar,
  journal = {ACM Computing Surveys},
  volume = {21},
  number = {1},
  pages = {93--124},
  issn = {0360-0300, 1557-7341},
  doi = {10.1145/62029.62030},
  urldate = {2024-10-02},
}
